@article{kahl2021birdnet,
    title={BirdNET: A deep learning solution for avian diversity monitoring},
    author={Kahl, Stefan and Wood, Connor M and Eibl, Maximilian and Klinck, Holger},
    journal={Ecological Informatics},
    volume={61},
    pages={101236},
    year={2021},
    publisher={Elsevier}
}

@online{debian-libsox,
    title = {Debian Package - libsox-fmt-alsa},
    note = {\url{https://packages.debian.org/stable/libsox-fmt-alsa}, Zugriff am 10.10.2024}
}



@misc{birdnetGit,
    author  = {Stefan Kahl},
    title = {BirdNET-Analyzer},
    note = {\url{https://github.com/kahst/BirdNET-Analyzer}, letzter Zugriff am 22.03.24} 
}

@phdthesis{kahl2019identifying,
    title={{Identifying Birds by Sound: Large-scale Acoustic Event Recognition for Avian Activity Monitoring}},
    author={Kahl, Stefan},
    year={2019},
    school={Chemnitz University of Technology}
}

@misc{amateurfunker,
    author = {Frank DD4WH},
    title = {Suggestions for USB microphone systems},
    note = {\url{https://github.com/mcguirepr89/BirdNET-Pi/discussions/39}}
}

@misc{clippy_microphone,
    author = {Clippy},
    title = {{EM272Z1 Mono Microphone}},
    howpublished = {Mono-Mikrofon},
    note = {Händler: Veldshop.nl},
    location = {Niederlande}
}


@misc{soundscapes_windshield,
    author = {Immersive Soundscapes},
    title = {Comica CVM-MF1 windshield},
    note = {Händler: Veldshop.nl},
    location = {Niederlande}
}



@misc{qengineering,
    author = {Q-engineering},
    title = {Install TensorFlow Lite 2.4.0 on Jetson Nano},
    note = {\url{https://qengineering.eu/install-tensorflow-2-lite-on-jetson-nano.html}, letzter Zugriff am 22.03.24}
}


@misc{pandas_doc,
    author= {Pandas Development Team},
    title = {pandas documentation},
    note = {\url{http://pandas.pydata.org/docs/} Stand Feb 23, 2024 Version: 2.2.1}
}




@misc{pandas-kurs,
    author= {Bernd Klein},
    title = {Python-Kurs - Einführng in Pandas},
    note = {\url{https://www.python-kurs.eu/pandas.php}, letzter Zugriff am 22.03.24}
}

@misc{datetime_doc,
    author= {Python Development Team},
    title = {datetime — Basic date and time types},
    note = {\url{https://docs.python.org/3/library/datetime.html
} letzter Zugriff am 15. März 2024},
}

@misc{multiprocessing_doc,
    author= {Python Development Team},
    title = {concurrent.futures — Launching parallel tasks},
    note = {\url{https://docs.python.org/3/library/concurrent.futures.html
} letzter Zugriff am 19. März 2024},
}


@misc{glob_doc,
    author= {Python Development Team},
    title = {glob — Unix style pathname pattern expansion},
    note = {\url{https://docs.python.org/3/library/glob.html#module-glob} letzter Zugriff am 20. März 2024},
}


@misc{alsa_doc,
    author= {ALSA Development Team},
    title = {ALSA},
    note = {\url{https://wiki.ubuntuusers.de/ALSA/
} letzter Zugriff am 15. März 2024},
}

@misc{sox_doc,
    author= {SOX Development Team},
    title = {sox(1) - Linux man page},
    note = {\url{https://linux.die.net/man/1/sox
} letzter Zugriff am 15. März 2024},
}


@misc{jetson_web,
    author = {Nvidia Corporation},
    title = {reComputer J1010},
    note = {\url{https://files.seeedstudio.com/wiki/reComputer/reComputer-J1010-datasheet.pdf}, letzter Zugriff am 16.03.24}
}
@misc{jetson_datasheet,
    author = {Nvidia Corporation},
    title = {Jetson Nano-Entwicklerkit –- Technische Daten},
    note = {\url{https://www.nvidia.com/de-de/autonomous-machines/embedded-systems/jetson-nano-developer-kit/}, letzter Zugriff am 16.03.24}
} %FIXME: aktualisiere Bibliography -> klappt irgendwie nicht

@misc{Datenschutz,
    title={ Darf man Gespräche heimlich aufnehmen oder mitanhören?},
    author = {Denise Himburg},
    howpublished = {RESMEDIA Berlin -- Anwälte für IP und Medien},
    note = {\url{https://www.ra-himburg-berlin.de/medienrecht/faq/1412-darf-man-gespr%C3%A4che-heimlich-aufnehmen-oder-mitanh%C3%B6ren.html}, letzter Zugriff am 25.10.24},
}

@misc{bird-glossary,
    title={eBird Glossary},
    author={test}
    note={\url{https://support.ebird.org/en/support/solutions/articles/48000948655-ebird-glossary/}, letzter Zugriff am 11~.11~.2024},
}

